<record><leader>00000cas a22000007a 4500</leader><controlfield tag="001">17407940</controlfield><controlfield tag="008">880129d18861911paudn ne      0    0eng d</controlfield><datafield ind1=" " ind2=" " tag="010"><subfield code="a">sn 88079302 </subfield></datafield><datafield ind1=" " ind2=" " tag="040"><subfield code="a">NPH</subfield><subfield code="b">eng</subfield><subfield code="c">NPH</subfield><subfield code="d">OCLCQ</subfield></datafield><datafield ind1=" " ind2=" " tag="042"><subfield code="a">msc</subfield></datafield><datafield ind1="0" ind2=" " tag="130"><subfield code="a">Daily register (Norristown, Pa. : 1886)</subfield></datafield><datafield ind1="1" ind2="4" tag="245"><subfield code="a">The daily register.</subfield></datafield><datafield ind1=" " ind2=" " tag="260"><subfield code="a">Norristown, Pa. :</subfield><subfield code="b">A. Kneule &amp; Son,</subfield><subfield code="c">1886-1911.</subfield></datafield><datafield ind1=" " ind2=" " tag="300"><subfield code="a">45 v.</subfield></datafield><datafield ind1=" " ind2=" " tag="310"><subfield code="a">Daily (except Sun.)</subfield></datafield><datafield ind1="0" ind2=" " tag="362"><subfield code="a">Vol. 13, no. 1 (Mar. 1, 1886)-v. 57, no. 103 (Dec. 30, 1911).</subfield></datafield><datafield ind1=" " ind2=" " tag="752"><subfield code="a">United States</subfield><subfield code="b">Pennsylvania</subfield><subfield code="c">Montgomery</subfield><subfield code="d">Norristown.</subfield></datafield><datafield ind1="0" ind2="0" tag="780"><subfield code="t">Norristown register (Norristown, Pa. : 1880)</subfield><subfield code="w">(OCoLC)17408210</subfield></datafield><datafield ind1="0" ind2="0" tag="785"><subfield code="t">Norristown daily register</subfield><subfield code="w">(DLC)sn 87078078</subfield></datafield></record>